@book{whitney,
  title={Geometric Integration Theory},
  author={Whitney, H.},
  series={Princeton mathematical series},
  url={http://books.google.de/books?id=BBMHmwEACAAJ},
  year={1957},
  publisher={University Press}
}


@phdthesis{hirani,
 author = {Hirani, Anil Nirmal},
 advisor = {Marsden, Jerrold E.},
 title = {Discrete Exterior Calculus},
 year = {2003},
 note = {AAI3086864},
 school = {California Institute of Technology},
 address = {Pasadena, CA, USA},
} 

@book{marsden,
  title={Manifolds, Tensor Analysis, and Applications},
  author={Abraham, R. and Marsden, J.E. and Ratiu, T.S.},
  number={Bd. 75},
  isbn={9780387967905},
  lccn={89107756},
  series={Applied Mathematical Sciences},
  year={1988},
  publisher={Springer New York}
}

@ARTICLE{desbrun,
   author = {{Desbrun}, M. and {Hirani}, A.~N. and {Leok}, M. and {Marsden}, J.~E.},
    title = "{Discrete Exterior Calculus}",
  journal = {ArXiv Mathematics e-prints},
   eprint = {math/0508341},
 keywords = {Differential Geometry, Numerical Analysis},
     year = 2005,
    month = aug,
   adsurl = {http://adsabs.harvard.edu/abs/2005math......8341D},
  adsnote = {Provided by the SAO/NASA Astrophysics Data System}
}

@article{diskreteLie,
year={2011},
issn={1615-3375},
journal={Foundations of Computational Mathematics},
volume={11},
number={2},
doi={10.1007/s10208-010-9076-y},
title={Discrete Lie Advection of Differential Forms},
url={http://dx.doi.org/10.1007/s10208-010-9076-y},
publisher={Springer-Verlag},
keywords={Discrete contraction; Discrete Lie derivative; Discrete differential forms; Finite-volume methods; Hyperbolic PDEs; 35Q35; 51P05; 65M08},
author={Mullen, P. and McKenzie, A. and Pavlov, D. and Durant, L. and Tong, Y. and Kanso, E. and Marsden, J.E. and Desbrun, M.},
pages={131-149},
language={English}
}

@inproceedings{siggraphKap8,
 author = {Elcott, Sharif and Schr\"{o}der, Peter},
 title = {Building Your Own DEC at Home},
 booktitle = {ACM SIGGRAPH 2005 Courses},
 series = {SIGGRAPH '05},
 year = {2005},
 location = {Los Angeles, California},
 articleno = {8},
 url = {http://doi.acm.org/10.1145/1198555.1198667},
 doi = {10.1145/1198555.1198667},
 acmid = {1198667},
 publisher = {ACM},
 address = {New York, NY, USA},
} 

@mastersthesis{diploma,
  author={Ingo Nitschke},
  title="{Diskretes Äußeres Kalkül (DEC) auf Oberflächen ohne Rand}",
  school={TU Dresden - Department of Mathematics},
  type={Diploma Thesis},
  year={2014}
}

