@Article{Mucci2012,
author="Mucci, Domenico
and Nicolodi, Lorenzo",
title="On the Elastic Energy Density of Constrained Q-Tensor Models for Biaxial Nematics",
journal="Archive for Rational Mechanics and Analysis",
year="2012",
volume="206",
number="3",
pages="853--884",
issn="1432-0673",
doi="10.1007/s00205-012-0543-2",
url="http://dx.doi.org/10.1007/s00205-012-0543-2"
}


@ARTICLE{Emmerich2012,
   author = {{Emmerich}, H. and {L{\"o}wen}, H. and {Wittkowski}, R. and 
	{Gruhn}, T. and {T{\'o}th}, G.~I. and {Tegze}, G. and {Gr{\'a}n{\'a}sy}, L.
	},
    title = "{Phase-field-crystal models for condensed matter dynamics on atomic length and diffusive time scales: an overview}",
  journal = {Advances in Physics},
archivePrefix = "arXiv",
   eprint = {1207.0257},
 primaryClass = "cond-mat.soft",
     year = 2012,
    month = jan,
   volume = 61,
    pages = {665-743},
      doi = {10.1080/00018732.2012.737555},
   adsurl = {http://adsabs.harvard.edu/abs/2012AdPhy..61..665E},
  adsnote = {Provided by the SAO/NASA Astrophysics Data System}
}
