@article{HartmanWintner1953,
 ISSN = {00029327, 10806377},
 URL = {http://www.jstor.org/stable/2372455},
 author = {Philip Hartman and Aurel Wintner},
 journal = {American Journal of Mathematics},
 number = {2},
 pages = {298-334},
 publisher = {Johns Hopkins University Press},
 title = {On the Third Fundamental Form of a Surface},
 volume = {75},
 year = {1953}
}

