@article{HonerkampSmith_PRL_2013,
	title = {Membrane Viscosity Determined from Shear-Driven Flow in Giant Vesicles},
	author = {Honerkamp-Smith and Woodhouse and Kantsler and Goldstein},
	journal = {Phys. Rev. Lett.},
	volume = {111},
	issue = {3},
	numpages = {5},
	year = {2013},
	publisher = {American Physical Society},
}
	
@Article{ArroyoDeSimone_PRE_2009,
  author =    {Arroyo, Marino and DeSimone, Antonio},
  title =     {Relaxation dynamics of fluid membranes},
  journal =   {Physical Review E},
  year =      {2009},
  volume =    {79},
  pages =     {031915}
}

@Article{Nitschkeetal_JFM_2012,
  author =   {Nitschke, I. and Voigt, A. and Wensch, J.},
  title =    {A finite element approach to incompressible two-phase flow on manifolds},
  journal =  {Journal of Fluid Mechanics},
  year =     {2012},
  volume =   {708},
  pages =    {418--438}
}

@Article{Reutheretal_MMS_2015,
  author =  {S. Reuther and A. Voigt},
  title =   {The Interplay of Curvature and Vortices in Flow on Curved Surfaces},
  journal = {Multiscale Modeling \& Simulation},
  year =    {2015},
  volume =  {13},
  pages =   {632--643}
}

@Article{Raetzetal_CMS_2006,
  author =  {R\"{a}tz, A. and Voigt, A.},
  title =   {{PDE's} on surfaces: {A} diffuse interface approach},
  journal = {Communications in Mathematical Sciences},
  year =    {2006},
  volume =  {4},
  pages =   {575--590}
}

@article{Reutheretal_JCP_2016,
	author = {Reuther, S. and Voigt, A.},
	journal = {Journal of Computational Physics},
	pages = {850--858},
	title = {{Incompressible two-phase flows with an inextensible Newtonian fluid interface}},
	volume = {322},
	year = {2016}
}

@article{Arnoldetal_AN_2006,
title = "Finite element exterior calculus, homological techniques, and applications",
author = "Douglas N. Arnold and Richard S. Falk and Ragnar Winther",
volume = "15",
pages = "1-155",
year = "2006",
journal = "Acta Numerica"
}

@ARTICLE{Nestleretal_arXiv_2016,
   author = {{Nestler}, M. and {Nitschke}, I. and {Praetorius}, S. and {Voigt}, A.
	},
    title = "{Orientational order on surfaces - the coupling of topology, geometry and dynamics}",
  journal = {arXiv:1608.01343},
     year = {2016}
}

@PhdThesis{Hirani_2003,
  Title                    = {Discrete Exterior Calculus},
  Author                   = {Hirani, A.~N.},
  School                   = {California Institute of Technology},
  Year                     = {2003},
  Address                  = {Pasadena, CA, USA},
  Advisor                  = {Marsden, J.~E.}
}

@article{Mohamed_CAD_2016,
title = "Comparison of discrete Hodge star operators for surfaces",
author = "Mohamed, M. S. and Hirani, A. N. and Samtaney, R.",
year = "2016",
doi = "10.1016/j.cad.2016.05.002",
journal = "Computer-Aided Design"
}

@ARTICLE{nitschke_etal_2016,
   author = {{Nitschke}, I. and {Reuther}, S. and {Voigt}, A.},
    title = "{Discrete exterior calculus (DEC) for the surface Navier-Stokes equation}",
  journal = {ArXiv e-prints},
archivePrefix = "arXiv",
   eprint = {1611.04392},
 primaryClass = "math.NA",
 keywords = {Mathematics - Numerical Analysis, Mathematics - Differential Geometry, Physics - Fluid Dynamics},
     year = 2016,
    month = nov,
   adsurl = {http://adsabs.harvard.edu/abs/2016arXiv161104392N},
  adsnote = {Provided by the SAO/NASA Astrophysics Data System}
}

