@article{deSimone2009,
  title = {Relaxation dynamics of fluid membranes},
  author = {Arroyo, Marino and DeSimone, Antonio},
  journal = {Phys. Rev. E},
  volume = {79},
  issue = {3},
  pages = {031915},
  numpages = {17},
  year = {2009},
  month = {Mar},
  publisher = {American Physical Society},
  doi = {10.1103/PhysRevE.79.031915},
  url = {http://link.aps.org/doi/10.1103/PhysRevE.79.031915}
}

@book{marsden1983,
  title={Mathematical Foundations of Elasticity},
  author={Marsden, J.E. and Hughes, T.J.R.},
  isbn={9780135610763},
  lccn={lc82007608},
  series={Prentice-Hall Personal Computing Series},
  url={https://books.google.de/books?id=mKgyzexDuL0C},
  year={1983},
  publisher={Prentice-Hall}
}

@book{marsden1988,
  title={Manifolds, Tensor Analysis, and Applications},
  author={Abraham, R. and Marsden, J.E. and Ratiu, T.S.},
  number={Bd. 75},
  isbn={9780387967905},
  lccn={89107756},
  series={Applied Mathematical Sciences},
  year={1988},
  publisher={Springer New York}
}

@Article{Desbrun2005,
  Title                    = {Discrete Exterior Calculus},
  Author                   = {Desbrun, M. and Hirani, A.~N. and Leok, M. and Marsden, J.~E.},
  Journal                  = {arXiv Preprint},
  Year                     = {2005},
  Note                     = {math/0508341}
}

@PhdThesis{Hirani2003,
  Title                    = {Discrete Exterior Calculus},
  Author                   = {Hirani, A.~N.},
  School                   = {California Institute of Technology},
  Year                     = {2003},

  Address                  = {Pasadena, CA, USA},

  Advisor                  = {Marsden, J.~E.}
}

@MastersThesis{DiplomIngo2014,
  Title                    = {{Diskretes \"Au{\ss}eres Kalk\"ul (DEC) auf Oberfl\"achen ohne Rand}},
  Author                   = {Nitschke, I.},
  School                   = {Technische Universi\"{a}t Dresden},
  Year                     = {2014},

  Address                  = {Dresden, Germany},
  Type                     = {Diploma Thesis},

  Advisor                  = {Voigt, A.}
}

@ARTICLE{Nestler2016,
   author = {{Nestler}, M. and {Nitschke}, I. and {Praetorius}, S. and {Voigt}, A.
	},
    title = "{Orientational order on surfaces - the coupling of topology, geometry and dynamics}",
  journal = {ArXiv e-prints},
archivePrefix = "arXiv",
   eprint = {1608.01343},
 primaryClass = "math.NA",
 keywords = {Mathematics - Numerical Analysis, Condensed Matter - Soft Condensed Matter, Mathematical Physics, Physics - Computational Physics, 58Jxx, 53C21, 53A05, 53A45, 58K45, G.1.8, G.1.10},
     year = 2016,
    month = jul,
   adsurl = {http://adsabs.harvard.edu/abs/2016arXiv160801343N},
  adsnote = {Provided by the SAO/NASA Astrophysics Data System}
}


@article{Mohamed2016,
title = "Comparison of discrete Hodge star operators for surfaces",
keywords = "Barycentric dual, Circumcentric dual, Discrete exterior calculus (DEC), Hodge star",
author = "Mohamed, {Mamdouh S.} and Hirani, {Anil N.} and Ravi Samtaney",
year = "2016",
doi = "10.1016/j.cad.2016.05.002",
journal = "Computer-Aided Design",
issn = "0010-4485",
publisher = "Elsevier Limited",

}

@incollection{Arakawa1977,
title = "Computational Design of the Basic Dynamical Processes of the \{UCLA\} General Circulation Model ",
editor = "JULIUS CHANG",
booktitle = "General Circulation Models of the Atmosphere",
publisher = "Elsevier",
year = "1977",
volume = "17",
pages = "173 - 265",
series = "Methods in Computational Physics: Advances in Research and Applications ",
issn = "0076-6860",
doi = "http://dx.doi.org/10.1016/B978-0-12-460817-7.50009-4",
url = "http://www.sciencedirect.com/science/article/pii/B9780124608177500094",
author = "AKIO ARAKAWA and VIVIAN R. LAMB"
}

@article{Armfield1991,
title = "Finite difference solutions of the Navier-Stokes equations on staggered and non-staggered grids",
journal = "Computers \& Fluids",
volume = "20",
number = "1",
pages = "1 - 17",
year = "1991",
note = "",
issn = "0045-7930",
doi = "http://dx.doi.org/10.1016/0045-7930(91)90023-B",
url = "http://www.sciencedirect.com/science/article/pii/004579309190023B",
author = "S.W. Armfield"
}
